[gd_scene load_steps=10 format=2]

[ext_resource path="res://components/dev_console/dev_console.tscn" type="PackedScene" id=1]
[ext_resource path="res://assets/theme.tres" type="Theme" id=2]
[ext_resource path="res://components/entity_picker/entity_picker.tscn" type="PackedScene" id=3]
[ext_resource path="res://components/hud/hud.gd" type="Script" id=4]
[ext_resource path="res://components/hud/hud_statusbar.tscn" type="PackedScene" id=5]

[sub_resource type="StyleBoxEmpty" id=1]

[sub_resource type="StyleBoxEmpty" id=2]

[sub_resource type="StyleBoxEmpty" id=4]

[sub_resource type="StyleBoxEmpty" id=3]

[node name="HUD" type="CanvasLayer"]
script = ExtResource( 4 )

[node name="GameUi" type="HBoxContainer" parent="."]
anchor_right = 1.0
anchor_bottom = 1.0
theme = ExtResource( 2 )
custom_constants/separation = 0

[node name="HBoxContainer" type="VBoxContainer" parent="GameUi"]
margin_right = 1760.0
margin_bottom = 1080.0
size_flags_horizontal = 3
size_flags_vertical = 3

[node name="Control" parent="GameUi/HBoxContainer" instance=ExtResource( 5 )]
anchor_right = 0.0
margin_right = 1760.0
margin_bottom = 96.0

[node name="Empty" type="ToolButton" parent="GameUi/HBoxContainer"]
margin_top = 100.0
margin_right = 1760.0
margin_bottom = 1080.0
mouse_default_cursor_shape = 3
size_flags_horizontal = 3
size_flags_vertical = 3
custom_styles/hover = SubResource( 1 )
custom_styles/pressed = SubResource( 2 )
custom_styles/focus = SubResource( 4 )
custom_styles/normal = SubResource( 3 )

[node name="EntityPicker" parent="GameUi" instance=ExtResource( 3 )]
anchor_bottom = 0.0
margin_left = 1760.0
margin_right = 1920.0
margin_bottom = 1080.0
size_flags_horizontal = 8
size_flags_vertical = 3

[node name="DevConsole" parent="." instance=ExtResource( 1 )]
visible = false
