[gd_scene load_steps=9 format=2]

[ext_resource path="res://assets/font_title.tres" type="DynamicFont" id=1]
[ext_resource path="res://assets/theme.tres" type="Theme" id=2]
[ext_resource path="res://assets/ui/trap_icon.png" type="Texture" id=3]
[ext_resource path="res://components/entity_picker/entity_card.gd" type="Script" id=4]
[ext_resource path="res://assets/chars/agent/agent_front.png" type="Texture" id=5]
[ext_resource path="res://assets/ui/life-force.png" type="Texture" id=6]
[ext_resource path="res://assets/ui/life.png" type="Texture" id=7]

[sub_resource type="StyleBoxFlat" id=1]
content_margin_left = 16.0
content_margin_right = 16.0
content_margin_top = 16.0
content_margin_bottom = 16.0
bg_color = Color( 0, 0, 0, 0.196078 )

[node name="Control" type="PanelContainer"]
margin_right = 570.0
margin_bottom = 168.0
mouse_filter = 1
mouse_default_cursor_shape = 2
size_flags_horizontal = 3
size_flags_vertical = 3
theme = ExtResource( 2 )
custom_styles/panel = SubResource( 1 )
script = ExtResource( 4 )

[node name="Container" type="HBoxContainer" parent="."]
margin_left = 16.0
margin_top = 16.0
margin_right = 582.0
margin_bottom = 282.0
custom_constants/separation = 16

[node name="IconContainer" type="VBoxContainer" parent="Container"]
margin_right = 100.0
margin_bottom = 266.0
custom_constants/separation = 8

[node name="Icon" type="TextureRect" parent="Container/IconContainer"]
margin_right = 100.0
margin_bottom = 100.0
rect_min_size = Vector2( 100, 100 )
texture = ExtResource( 3 )
expand = true

[node name="Control" type="Control" parent="Container/IconContainer"]
margin_top = 108.0
margin_right = 100.0
margin_bottom = 186.0
mouse_filter = 1
size_flags_vertical = 3

[node name="DurabilityContainer" type="HBoxContainer" parent="Container/IconContainer"]
margin_top = 194.0
margin_right = 100.0
margin_bottom = 226.0
hint_tooltip = "Life Force cost"
custom_constants/separation = 16

[node name="Icon" type="TextureRect" parent="Container/IconContainer/DurabilityContainer"]
margin_right = 32.0
margin_bottom = 32.0
rect_min_size = Vector2( 32, 32 )
texture = ExtResource( 7 )
expand = true

[node name="Label" type="Label" parent="Container/IconContainer/DurabilityContainer"]
margin_left = 48.0
margin_right = 62.0
margin_bottom = 32.0
text = "5"

[node name="CostContainer" type="HBoxContainer" parent="Container/IconContainer"]
margin_top = 234.0
margin_right = 100.0
margin_bottom = 266.0
hint_tooltip = "Life Force cost"
custom_constants/separation = 16

[node name="Icon" type="TextureRect" parent="Container/IconContainer/CostContainer"]
margin_right = 32.0
margin_bottom = 32.0
rect_min_size = Vector2( 32, 32 )
texture = ExtResource( 6 )
expand = true

[node name="Label" type="Label" parent="Container/IconContainer/CostContainer"]
margin_left = 48.0
margin_right = 89.0
margin_bottom = 32.0
text = "100"

[node name="TextContainer" type="VBoxContainer" parent="Container"]
margin_left = 116.0
margin_right = 566.0
margin_bottom = 266.0

[node name="Title" type="Label" parent="Container/TextContainer"]
margin_right = 450.0
margin_bottom = 44.0
rect_min_size = Vector2( 360, 0 )
custom_fonts/font = ExtResource( 1 )
text = "Banana Peel"
autowrap = true

[node name="Description" type="Label" parent="Container/TextContainer"]
margin_top = 48.0
margin_right = 450.0
margin_bottom = 150.0
rect_min_size = Vector2( 450, 0 )
size_flags_horizontal = 3
text = "Caution, very very slippy. You should really take care not to step on it yourself."
autowrap = true

[node name="Spacer" type="Control" parent="Container/TextContainer"]
margin_top = 154.0
margin_right = 450.0
margin_bottom = 162.0
rect_min_size = Vector2( 0, 8 )
mouse_filter = 1
size_flags_vertical = 3

[node name="ClassesTitlesContainer" type="HBoxContainer" parent="Container/TextContainer"]
margin_top = 166.0
margin_right = 450.0
margin_bottom = 198.0
custom_constants/separation = 16

[node name="Label" type="Label" parent="Container/TextContainer/ClassesTitlesContainer"]
margin_right = 217.0
margin_bottom = 32.0
size_flags_horizontal = 3
size_flags_vertical = 1
text = "spotted by:"

[node name="Label2" type="Label" parent="Container/TextContainer/ClassesTitlesContainer"]
margin_left = 233.0
margin_right = 450.0
margin_bottom = 32.0
size_flags_horizontal = 3
size_flags_vertical = 1
text = "disarmed by:"

[node name="ClassesIconsContainer" type="HBoxContainer" parent="Container/TextContainer"]
margin_top = 202.0
margin_right = 450.0
margin_bottom = 266.0
custom_constants/separation = 16

[node name="SpotClassesContainer" type="HBoxContainer" parent="Container/TextContainer/ClassesIconsContainer"]
margin_right = 217.0
margin_bottom = 64.0
size_flags_horizontal = 3

[node name="Icon1" type="TextureRect" parent="Container/TextContainer/ClassesIconsContainer/SpotClassesContainer"]
margin_right = 64.0
margin_bottom = 64.0
rect_min_size = Vector2( 64, 64 )
texture = ExtResource( 5 )
expand = true

[node name="Icon2" type="TextureRect" parent="Container/TextContainer/ClassesIconsContainer/SpotClassesContainer"]
margin_left = 68.0
margin_right = 132.0
margin_bottom = 64.0
rect_min_size = Vector2( 64, 64 )
texture = ExtResource( 5 )
expand = true

[node name="DisarmClassesContainer" type="HBoxContainer" parent="Container/TextContainer/ClassesIconsContainer"]
margin_left = 233.0
margin_right = 450.0
margin_bottom = 64.0
size_flags_horizontal = 3

[node name="Icon1" type="TextureRect" parent="Container/TextContainer/ClassesIconsContainer/DisarmClassesContainer"]
margin_right = 64.0
margin_bottom = 64.0
rect_min_size = Vector2( 64, 64 )
texture = ExtResource( 5 )
expand = true

[node name="Icon2" type="TextureRect" parent="Container/TextContainer/ClassesIconsContainer/DisarmClassesContainer"]
margin_left = 68.0
margin_right = 132.0
margin_bottom = 64.0
rect_min_size = Vector2( 64, 64 )
texture = ExtResource( 5 )
expand = true
